@article{ Madden2013,
author = {Madden, Tom},
journal = {The BLAST Sequence Analysis Tool},
title = {{The BLAST sequence analysis tool}},
year = {2013}
}
